
%%%%%%%%%%%%%%%%%%%%%%%%%%%%%%%%%%%%%%%%%%%%%%%%%%%%%%%%%%%%%%%%%%%%%%%%%%%%%%%%
% Bibliografia da tese
%%%%%%%%%%%%%%%%%%%%%%%%%%%%%%%%%%%%%%%%%%%%%%%%%%%%%%%%%%%%%%%%%%%%%%%%%%%%%%%%

@article{birgin:01,
  title={Low order-value approach for solving VaR-constrained optimization problems},
  author={E. G. Birgin and L. F. Bueno and N. Kreji{\'c}  and J. M. Martínez},
  journal={Journal of Global Optimization},
  volume={51},
  number={4},
  pages={715--742},
  year={2011},
  publisher={Springer}
}

@article{andreani:01,
  title={Low order-value optimization and applications},
  author={R. Andreani and J. M. Martínez and L. Martínez and F. S. Yano},
  journal={Journal of Global Optimization},
  volume={43},
  number={1},
  pages={1--22},
  year={2009},
  publisher={Springer}
}

@inproceedings{martinez:01,
  title={Order-value optimization and new applications},
  author={J. M. Martínez},
  booktitle={ICIAM 07: 6th International Conference on Industrial and Applied Mathematics, Z{\"u}rich, Switzerland, 16-20 July 2007: Invited Lectures},
  pages={279},
  year={2009},
  organization={European Mathematical Society}
}

@article{bgmst1,
  title={Worst-case evaluation complexity for unconstrained nonlinear optimization using high-order regularized models},
  author={E. G. Birgin and J. L. Gardenghi and J. M. Martínez. and S. A. Santos and Ph. L. Toint},
  journal={Mathematical Programming},
  volume={163},
  number={1},
  pages={359--368},
  year={2017},
  publisher={Springer}
}

@article{bgms1,
  title={On the use of third-order models with fourth-order regularization for unconstrained optimization},
  author={E. G. Birgin and J. L. Gardenghi and J. M. Martínez and S. A. Santos},
  journal={Optimization Letters},
  volume={14},
  number={4},
  pages={815--838},
  year={2020},
  publisher={Springer}
}

@book{polak1,
  title={Optimization: algorithms and consistent approximations},
  author={E. Polak},
  volume={124},
  year={2012},
  publisher={Springer Science \& Business Media}
}

@article{dunn1,
  title={Global and asymptotic convergence rate estimates for a class of projected gradient processes},
  author={J. C. Dunn},
  journal={SIAM Journal on Control and Optimization},
  volume={19},
  pages={268--400},
  year={1981}
}

@article{dunn2,
  title={On the convergence of projected gradient processes to singular critical points},
  author={J. C. Dunn},
  journal={Journal of Optimization Theory and Applications},
  volume={55},
  pages={203--216},
  year={1987}
}

@article{birgin1,
  title={On regularization and active-set methods with complexity for constrained optimization},
  author={E. G. Birgin and J. M. Martínez},
  journal={SIAM Journal on Optimization},
  volume={28},
  pages={1367--1395},
  year={2018}
}

@article{clarkson1,
  title={Uniformly convex spaces},
  author={J. A. Clarkson},
  journal={AMS},
  volume={40(3)},
  pages={396--414},
  year={1936}
}

@book{kaz1,
  title={Uniform convexity, hyperbolic geometry, and nonexpansive mappings, Pure and Applied Mathematics: A Program of Monographs, Textbooks, and Lecture Notes},
  author={K. Goebel and S. Reich},
  year={1984},
  publisher={Marcel Dekker, INC.}
}

@book{bartle,
  title={Elements of real analysis},
  author={R. Bartle},
  year={1982},
  publisher={John Wiley \& Sons Incorporated}
}

@MISC{covid_data1,
author = {H. Ritchie and E. Mathieu and L. Rod\'{e}s-Guirao and C. Appel and C. Giattino and E. Ortiz-Ospina and J. Hasell and B. MacDonald and S. Dattani and M. Roser},
title = {Coronavirus pandemic ({COVID-19}), Our World in Data},
year = {2020},
howpublished={\url{https://ourworldindata.org/coronavirus}}
}

@article{andreani:02,
  title={Order-Value Optimization: formulation and solution by means of a primal Cauchy method},
  author={R. Andreani and C. Dunder and J. M. Mart{\'\i}nez},
  journal={Mathematical Methods of Operations Research},
  volume={58},
  number={3},
  pages={387--399},
  year={2003},
  publisher={Springer}
}

@book{demyanov:01,
  title={Introduction to minimax},
  author={V. F. Demyanov and V. N. Malozenov},
  year={1974},
  publisher={Dover Publications, INC.}
}

@book{pardalos:01,
  title={Minimax and Applications: Nonconvex optimizatons and its applications},
  author={D. Z. Du and P. M. Pardalos},
  year={1995},
  publisher={Kluwer Academic Publishers},
  volume = {5},
  address = {Dordrecht, The Netherlands}
}

@book{bertsekas:01,
  title={Convex Analysis and Optimization},
  author={D. P. Bertsekas and A. Nedi{\'c} and A. E. Ozdaglar},
  year={2003},
  publisher={Athena Scientific}
}

@inproceedings{etminani:01,
  title={A min-min max-min selective algorihtm for grid task scheduling},
  author={K. Etminani and M. Naghibzadeh},
  booktitle={2007 3rd IEEE/IFIP International Conference in Central Asia on Internet},
  pages={1--7},
  year={2007},
  organization={IEEE}
}

@article{polak:02,
  title={On the mathematical foundations of nondifferentiable optimization in engineering design},
  author={E. Polak},
  journal={SIAM review},
  volume={29},
  number={1},
  pages={21--89},
  year={1987},
  publisher={SIAM}
}

@article{warren:01,
  title={Optimization in engineering design},
  author={A. D. Waren and L. S. Lasdon and D. F. Suchman},
  journal={Proceedings of the IEEE},
  volume={55},
  number={11},
  pages={1885--1897},
  year={1967},
  publisher={IEEE}
}

@article{rockafellar:01,
  title={Linear-quadratic programming and optimal control},
  author={R. T. Rockafellar},
  journal={SIAM Journal on Control and Optimization},
  volume={25},
  number={3},
  pages={781--814},
  year={1987},
  publisher={SIAM}
}

@article{rockafellar:02,
  title={Computational schemes for large-scale problems in extended linear-quadratic programming},
  author={R. T. Rockafellar},
  journal={Mathematical programming},
  volume={48},
  number={1},
  pages={447--474},
  year={1990},
  publisher={Springer}
}

@article{xu:01,
  title={Smoothing method for minimax problems},
  author={S. Xu},
  journal={Computational Optimization and Applications},
  volume={20},
  number={3},
  pages={267--279},
  year={2001},
  publisher={Springer}
}

@article{osborne:01,
  title={An algorithm for minimax approximation in the nonlinear case},
  author={M. R. Osborne and G. A. Watson},
  journal={The Computer Journal},
  volume={12},
  number={1},
  pages={63--68},
  year={1969},
  publisher={The British Computer Society}
}

@article{charalambous:01,
  title={Non-linear minimax optimization as a sequence of least p th optimization with finite values of p},
  author={C. Charalambous and J. W. Bandler},
  journal={International Journal of Systems Science},
  volume={7},
  number={4},
  pages={377--391},
  year={1976},
  publisher={Taylor \& Francis}
}

@article{charalambous:02,
  title={An efficient method to solve the minimax problem directly},
  author={C. Charalambous and A. R. Conn},
  journal={SIAM Journal on Numerical Analysis},
  volume={15},
  number={1},
  pages={162--187},
  year={1978},
  publisher={SIAM}
}

@article{murray:01,
  title={A projected Lagrangian algorithm for nonlinear minimax optimization},
  author={W. Murray and M. L. Overton},
  journal={SIAM Journal on Scientific and Statistical Computing},
  volume={1},
  number={3},
  pages={345--370},
  year={1980},
  publisher={SIAM}
}

@article{polyak:01,
  title={Smooth optimization methods for minimax problems},
  author={R. A. Polyak},
  journal={SIAM Journal on Control and Optimization},
  volume={26},
  number={6},
  pages={1274--1286},
  year={1988},
  publisher={SIAM}
}

@article{polak:03,
  title={Superlinearly convergent algorithm for min-max problems},
  author={E. Polak and D. Q. Mayne and J. E. Higgins},
  journal={Journal of Optimization Theory and Applications},
  volume={69},
  number={3},
  pages={407--439},
  year={1991},
  publisher={Springer}
}

@techreport{conn:01,
  title={An efficient algorithm for nonlinear minimax problems},
  author={A. R. Conn and Y. Li},
  year={1990},
  institution={Cornell University},
  number = {90--1104},
  journal = {Department of Computer Science},
  address = {Ithaca, New York}
}

@article{andreani:03,
  title={Nonlinear-programming reformulation of the order-value optimization problem},
  author={R. Andreani and C. Dunder and J. M. Mart{\'\i}nez},
  journal={Mathematical Methods of Operations Research},
  volume={61},
  number={3},
  pages={365--384},
  year={2005},
  publisher={Springer}
}

@article{andreani:04,
  title={Quasi-Newton methods for order-value optimization and value-at-risk calculations},
  author={R. Andreani and J. M. Mart{\i}nez and M. Salvatierra and F. Yano},
  journal={Pacific Journal of Optimization},
  volume={2},
  number={1},
  pages={11--33},
  year={2006}
}

@article{andreani:05,
  title={Continuous optimization methods for structure alignments},
  author={R. Andreani and J. M. Mart{\'\i}nez and L. Mart{\'\i}nez and F. Yano},
  journal={Mathematical Programming},
  volume={112},
  number={1},
  pages={93--124},
  year={2008},
  publisher={Springer}
}

@article{gouveia:01,
  title={Global improvements of a protein alignment algorithm and comparison with a global optimization solver},
  author={P. Gouveia and R. Andreani and A. Friedlander},
  journal={Bulletin of Computational Applied Mathematics},
  volume={1},
  pages={37--50},
  year={2012}
}

@article{lmartinez:01,
  title={Convergent algorithms for protein structural alignment},
  author={L. Mart{\'\i}nez and R. Andreani and J. M. Mart{\'\i}nez},
  journal={BMC Bioinformatics},
  volume={8},
  number={1},
  pages={1--15},
  year={2007},
  publisher={BioMed Central}
}

@incollection{sarykalin:01,
  title={Value-at-risk vs. conditional value-at-risk in risk management and optimization},
  author={S. Sarykalin and G. Serraino and S. Uryasev},
  booktitle={State-of-the-art decision-making tools in the information-intensive age},
  pages={270--294},
  year={2008},
  publisher={Informs}
}

@book{jorion:01,
  title={Value at risk: the new benchmark for managing financial risk},
  author={P. Jorion},
  publisher={NY: McGraw-Hill Professional},
  year={2001}
}

@article{rockafellar:03,
  title={Conditional value-at-risk for general loss distributions},
  author={R. T. Rockafellar and S. Uryasev},
  journal={Journal of banking \& finance},
  volume={26},
  number={7},
  pages={1443--1471},
  year={2002},
  publisher={Elsevier}
}

@article{pang:01,
  title={On the global minimization of the value-at-risk},
  author={J. Pang and S. Leyffer},
  journal={Optimization Methods and Software},
  volume={19},
  number={5},
  pages={611--631},
  year={2004},
  publisher={Taylor \& Francis}
}

@article{rockafellar:04,
  title={Optimization of conditional value-at-risk},
  author={R. T. Rockafellar and S. Uryasev},
  journal={Journal of risk},
  volume={2},
  pages={21--42},
  year={2000},
  publisher={Citeseer}
}

@inproceedings{martinez:02,
  title={Order-value optimization and new},
  author={J. M. Mart{\'\i}nez},
  booktitle={ICIAM 07: 6th International Conference on Industrial and Applied Mathematics, Z{\"u}rich, Switzerland, 16-20 July 2007: Invited Lectures},
  pages={279},
  year={2009},
  organization={European Mathematical Society}
}

@article{lmartinez:02,
  title={Convergent algorithms for protein structural alignment},
  author={L. Mart{\'\i}nez and R. Andreani and J. M. Mart{\'\i}nez},
  journal={BMC Bioinformatics},
  volume={8},
  number={1},
  pages={1--15},
  year={2007},
  publisher={BioMed Central}
}

@article{castelani:01,
  title={A robust method based on LOVO functions for solving least squares problems},
  author={E. V. Castelani and R. Lopes and W. V. I. Shirabayashi and F. N. C. Sobral},
  journal={Journal of Global Optimization},
  volume={80},
  number={2},
  pages={387--414},
  year={2021},
  publisher={Springer}
}

@article{carvalho:01,
  title={Low order-value multiple fitting for supercritical fluid extraction models},
  author={E. P. Carvalho and F. Pisnitchenko and N. Mezzomo and S. R. S. Ferreira and J. M. Mart{\'\i}nez and J. Mart{\'\i}nez},
  journal={Computers \& Chemical Engineering},
  volume={40},
  pages={148--156},
  year={2012},
  publisher={Elsevier}
}

@PhdThesis{bueno:01,
author = {L. F. Bueno},
title = {Otimiza{\c{c}}{\~a}o com restri{\c{c}}{\~o}es LOVO, restaura{\c{c}}{\~a}o inexata e o equil{\'\i}brio inverso de Nash},
school = {Universidade Estadual de Campinas, Instituto de Matemática, Estatística e Computação Científica},
year = {2011}
}